@misc{noauthor_comite_2017,
	title = {Comité de {Bâle}},
	url = {https://acpr.banque-france.fr/europe-et-international/banques/instances/comite-de-bale},
	abstract = {Le Comité de Bâle rassemble les superviseurs de 27 pays pour renforcer la solidité du système financier mondial en améliorant l’efficacité du contrôle prudentiel et la coopération entre régulateurs.},
	language = {fr},
	urldate = {2024-04-28},
	journal = {Banque de France},
	month = jul,
	year = {2017},
	file = {Snapshot:/home/cheryl-kdio/Zotero/storage/H27C8N5Q/comite-de-bale.html:text/html},
}

@misc{leucémie,
	title = {Leucémie lymphoïde chronique (LLC) - Hématologie et oncologie},
	url = {https://www.msdmanuals.com/fr/professional/h%C3%A9matologie-et-oncologie/leuc%C3%A9mies/leuc%C3%A9mie-lympho%C3%AFde-chronique-llc},
	langid = {fr}
}

@article{solem2020,
	title = {A quality{-}adjusted survival time without symptoms or toxicities analysis of glasdegib plus low{-}dose cytarabine versus low{-}dose cytarabine as initial therapy for acute myeloid leukemia in patients who are not considered candidates for intensive chemotherapy},
	author = {Solem, Caitlyn T. and Bell, Timothy J. and Kwon, Youngmin and Cappelleri, Joseph C. and Johnson, Courtney and Bhattacharyya, Helen and Hoang, Caroline J. and Cortes, Jorge E.},
	year = {2020},
	month = {10},
	date = {2020-10-01},
	journal = {Cancer},
	pages = {4315--4321},
	volume = {126},
	number = {19},
	doi = {10.1002/cncr.33072},
	url = {https://www.ncbi.nlm.nih.gov/pmc/articles/PMC7540307/},
	note = {PMID: 32697335
PMCID: PMC7540307}
}

@misc{obésité,
	title = {Obésité},
	author = {{Organisation mondiale de la Santé}},
	url = {https://www.who.int/fr/health-topics/obesity},
	langid = {fr}
}

@misc{rejetde2023,
	title = {Rejet de greffe},
	year = {2023},
	month = {12},
	date = {2023-12-01},
	url = {https://fr.wikipedia.org/w/index.php?title=Rejet_de_greffe&oldid=210167802},
	note = {Page Version ID: 210167802},
	langid = {fr}
}

@article{gelber1986,
	title = {A new endpoint for the assessment of adjuvant therapy in postmenopausal women with operable breast cancer},
	author = {Gelber, R. D. and Goldhirsch, A.},
	year = {1986},
	month = {12},
	date = {1986-12},
	journal = {Journal of Clinical Oncology: Official Journal of the American Society of Clinical Oncology},
	pages = {1772--1779},
	volume = {4},
	number = {12},
	doi = {10.1200/JCO.1986.4.12.1772},
	note = {PMID: 3783203},
	langid = {eng}
}

@article{levy2001,
	title = {Evaluating treatment strategies in chronic lymphocytic leukemia: use of quality-adjusted survival analysis},
	author = {Levy, V. and Porcher, R. and Delabarre, F. and Leporrier, M. and Cazin, B. and Chevret, S. and French Cooperative CLL Group, },
	year = {2001},
	month = {07},
	date = {2001-07},
	journal = {Journal of Clinical Epidemiology},
	pages = {747--754},
	volume = {54},
	number = {7},
	doi = {10.1016/s0895-4356(00)00359-0},
	note = {PMID: 11438417},
	langid = {eng}
}

@misc{délétion2023,
	title = {Délétion},
	year = {2023},
	month = {11},
	date = {2023-11-07},
	url = {https://fr.wikipedia.org/w/index.php?title=D%C3%A9l%C3%A9tion&oldid=209431453},
	note = {Page Version ID: 209431453},
	langid = {fr}
}

@article{martinelli2009,
	title = {IKZF1 (Ikaros) Deletions in BCR-ABL1{\textendash}Positive Acute Lymphoblastic Leukemia Are Associated With Short Disease-Free Survival and High Rate of Cumulative Incidence of Relapse: A GIMEMA AL WP Report},
	author = {Martinelli, Giovanni and Iacobucci, Ilaria and Storlazzi, Clelia Tiziana and Vignetti, Marco and Paoloni, Francesca and Cilloni, Daniela and Soverini, Simona and Vitale, Antonella and Chiaretti, Sabina and Cimino, Giuseppe and Papayannidis, Cristina and Paolini, Stefania and Elia, Loredana and Fazi, Paola and Meloni, Giovanna and Amadori, Sergio and Saglio, Giuseppe and Pane, Fabrizio and Baccarani, Michele and {Foà}, Robin},
	year = {2009},
	month = {11},
	date = {2009-11},
	journal = {Journal of Clinical Oncology},
	pages = {5202--5207},
	volume = {27},
	number = {31},
	doi = {10.1200/JCO.2008.21.6408},
	url = {https://ascopubs.org/doi/10.1200/JCO.2008.21.6408},
	note = {Publisher: Wolters Kluwer}
}

@misc{critères,
	title = {Critères ESG : définitions et enjeux},
	url = {https://greenly.earth/fr-fr/blog/guide-entreprise/criteres-esg-definitions-et-enjeux},
	langid = {fr-fr}
}

@misc{quest-c,
	title = {Qu{\textquoteright}est-ce que L{\textquoteright}ISR?},
	url = {https://www.lelabelisr.fr/quest-ce-que-lisr/},
	langid = {french}
}

@misc{comment,
	title = {Comment investir ?},
	url = {https://www.lelabelisr.fr/comment-investir/},
	langid = {french}
}

@misc{critèresa,
	title = {Critères d{\textquoteright}attribution},
	url = {https://www.lelabelisr.fr/label-isr/criteres-attribution/},
	langid = {french}
}

@misc{listede,
	title = {Liste des fonds labellisés},
	url = {https://www.lelabelisr.fr/comment-investir/fonds-labellises/},
	langid = {french}
}

@misc{comment2021,
	title = {Comment bien choisir son fonds ISR ?},
	year = {2021},
	month = {02},
	date = {2021-02-03},
	url = {https://www.lelabelisr.fr/faq/combien-bien-choisir-son-fonds-isr/},
	langid = {french}
}

@article{kaplan1958,
	title = {Nonparametric Estimation from Incomplete Observations},
	author = {Kaplan, E. L. and Meier, Paul},
	year = {1958},
	month = {06},
	date = {1958-06},
	journal = {Journal of the American Statistical Association},
	pages = {457--481},
	volume = {53},
	number = {282},
	doi = {10.1080/01621459.1958.10501452},
	url = {http://www.tandfonline.com/doi/abs/10.1080/01621459.1958.10501452},
	langid = {en}
}

@article{han2022,
	title = {Restricted Mean Survival Time for Survival Analysis: A Quick Guide for Clinical Researchers},
	author = {Han, Kyunghwa and Jung, Inkyung},
	year = {2022},
	month = {05},
	date = {2022-05},
	journal = {Korean Journal of Radiology},
	pages = {495--499},
	volume = {23},
	number = {5},
	doi = {10.3348/kjr.2022.0061},
	url = {https://www.ncbi.nlm.nih.gov/pmc/articles/PMC9081686/},
	note = {PMID: 35506526
PMCID: PMC9081686}
}

@inbook{klein2003,
	title = {Censoring and Truncation},
	author = {Klein, John P. and Moeschberger, Melvin L.},
	editor = {Klein, John P. and Moeschberger, Melvin L.},
	year = {2003},
	date = {2003},
	publisher = {Springer},
	pages = {63--90},
	series = {Statistics for Biology and Health},
	doi = {10.1007/0-387-21645-6_3},
	url = {https://doi.org/10.1007/0-387-21645-6_3},
	note = {DOI: 10.1007/0-387-21645-6{\_}3},
	address = {New York, NY},
	langid = {en}
}

@techreport{assistancepublique-hôpitauxdeparis2019,
	title = {A Phase III Study, Randomized, to Evaluate the Reduction of Chemotherapy Intensity in Association With Nilotinib (Tasigna®) in Philadelphia Chromosome-positive (Ph+) ALL of Young Adults (18-59 Years Old) (GRAAPH-2014)},
	author = {{Assistance Publique - Hôpitaux de Paris}, },
	year = {2019},
	month = {10},
	date = {2019-10-18},
	url = {https://clinicaltrials.gov/study/NCT02611492},
	note = {submitted: November 19, 2015}
}

@misc{comitéd2017,
	title = {Comité de Bâle},
	year = {2017},
	month = {07},
	date = {2017-07-31},
	url = {https://acpr.banque-france.fr/europe-et-international/banques/instances/comite-de-bale},
	langid = {fr}
}

@article{journal,
	title = {Journal officiel de l{\textquoteright}Union européenne},
	langid = {fr}
}

@misc{crd4/c2017,
	title = {CRD4 / CRR},
	year = {2017},
	month = {07},
	date = {2017-07-31},
	url = {https://acpr.banque-france.fr/europe-et-international/banques/reglementation-europeenne/crd4-crr},
	langid = {fr}
}

@misc{guide2021,
	title = {Guide « Fonds propres »},
	year = {2021},
	month = {12},
	date = {2021-12-09},
	url = {https://acpr.banque-france.fr/guide-fonds-propres},
	langid = {fr}
}

